%% bibliography.bib
%% Mac Radigan

@book{Arathorn,
  author        = "Arathorn, David W.",
  title         = "Map-Seeking Circuits in Visual Cognition: A Computational Biological Mechanism for Biological and Machine Vision",
  publisher     = "Stanford University Press",
  address       = "Stanford, California",
  year          = "2002",
  pages         = "1-2"
}

@inproceedings{Murphy, 
author={Murphy, P. K., Rodriguez, P. A., and Martin, S. R.}, 
booktitle={Applied Imagery Pattern Recognition Workshop (AIPRW), 2009 IEEE}, 
title={Detection and Recognition of 3D Targets in Panchromatic Gray Scale Imagery using a Biologically-Inspired Algorithm}, 
year={}, 
month={}, 
volume={}, 
number={}, 
pages={1-6}, 
doi={10.1109/AIPR.2009.5466310}, 
ISSN={978-1-4244-5146-3},}

@inproceedings{Cameron, 
author={Cameron K. P., Murphy P. K, and Rodriguez P.}, 
booktitle={Proc. SPIE 8051, Algorithms for Synthetic Aperture Radar Imagery XVIII 805113},
title={Target classification in synthetic aperture radar using map-seeking circuit technology},
year={2011}, 
month={May}, 
volume={XVIII}, 
number={805113}, 
pages={}, 
doi={10.1117/12.884015},
ISSN={978-1-4244-5146-3},}

@Book{Hartley2004, 
author = "Hartley, R.~I. and Zisserman, A.",
title = "Multiple View Geometry in Computer Vision",
edition = "Second",
year = "2004",
publisher = "Cambridge University Press, ISBN: 0521540518"
}

@Book{Euclid,
author = "Euclid",
title = "Elementa",
year = "c. 300 B.C."
}

B.G. Teubneri, 1883â€“1885

%-------------------------------

@electronic{Wel06,
  author        = "Greg Welch and Gary Bishop",
  title         = "An Introduction to the Kalman Filter",
  url           = "http://www.cs.unc.edu/$\sim$welch/media/pdf/kalman\_intro.pdf",
  month         = jul,
  year          = "2006"
}

@article{Bou10, 
author={Boudraa, A.-O.}, 
journal={Signal Processing Letters, IEEE}, 
title={Relationships Between   -Energy Operator and Some Time-Frequency Representations}, 
year={2010}, 
month={june }, 
volume={17}, 
number={6}, 
pages={527 -530}, 
keywords={FM signal;Gabor coefficients;Wigner Ville distribution;Zak transform;complex signals;cross-ambiguity function;energy operator;nonstationary signals;second order moment;short-time Fourier transform;time-frequency representations;Fourier transforms;Wigner distribution;signal processing;time-frequency analysis;}, 
doi={10.1109/LSP.2010.2045548}, 
ISSN={1070-9908},}

@misc{Piw11,
  author        = "R. Piwowarski, B. O'Donnell, J. J.Zhang and A. Papandreou-Suppappola",
  title         = "Waveform-Agile Track-Before-Detect for Low Observable Targets",
  booktitle     = "Conference",
  address       = "Kauai, Hawaii",
  month         = jan,
  year          = "2012"
}

@misc{WikiMTF,
  author = "Wikipedia",
  title = "Optical Resolution --- {W}ikipedia{,} The Free Encyclopedia",
  year = "2011",
  url = "http://en.wikipedia.org/Optical\_resolution",
  note = "[Online; accessed 16-July-2013]"
}

@misc{WikiPhong,
  author = "Wikipedia",
  title = "Phong Reflection Model --- {W}ikipedia{,} The Free Encyclopedia",
  year = "2011",
  url = "http://en.wikipedia.org/Phong\_reflection\_model",
  note = "[Online; accessed 16-July-2013]"
}

@misc{WikiNCC,
  author = "Wikipedia",
  title = "Cross-correlation --- {W}ikipedia{,} The Free Encyclopedia",
  year = "2011",
  url = "http://en.wikipedia.org/Cross-correlation",
  note = "[Online; accessed 16-July-2013]"
}

%% *EOF*
