%% bibliography.bib
%% Mac Radigan

%% Trachtenberg, Jakow (1960). The Trachtenberg Speed System of Basic Mathematics. Translated by A. Cutler, R. McShane. Doubleday and Company, Inc.

@Book{Cutler1960, 
author = "J. Trachtenberg, translated by A. Cutler, R. McShane", 
title = "The Trachtenberg Speed System of Basic Mathematics", 
year = "1960",
publisher = "Doubleday and Company, Inc."
}

%% *EOF*

