%% bibliography.bib
%% Mac Radigan

  @book{Boyd,
    author      = "Boyd, Stephen P.",
    title       = "Convex Optimization",
    publisher   = "Cambridge University Press",
    address     = "New York",
    year        = "2004",
    pages       = "1-730"
  }

%% *EOF*
