%% bibliography.bib
%% Mac Radigan

@Book{Hartley2004, 
author = "Hartley, R.~I. and Zisserman, A.",
title = "Multiple View Geometry in Computer Vision",
edition = "Second",
year = "2004",
publisher = "Cambridge University Press, ISBN: 0521540518"
}

%% *EOF*
